@article{gates1995road,
	title={The road ahead},
	author={Gates, Bill and Myhrvold, Nathan and Rinearson, Peter and Domonkos, Donald},
	year={1995},
	publisher={Viking New York}
}
@article{孙其博2010物联网,
	title={物联网: 概念, 架构与关键技术研究综述},
	author={孙其博 and 刘杰 and 黎羴 and 范春晓 and 孙娟娟 and others},
	journal={北京邮电大学学报},
	volume={33},
	number={3},
	pages={1--9},
	year={2010}
}